<record><leader>00000cas a2200000 a 4500</leader><controlfield tag="001">33424847</controlfield><controlfield tag="008">951106d1904190ufluwr ne      0    0eng c</controlfield><datafield ind1=" " ind2=" " tag="010"><subfield code="a">sn 95047239 </subfield></datafield><datafield ind1=" " ind2=" " tag="040"><subfield code="a">FUG</subfield><subfield code="b">eng</subfield><subfield code="c">FUG</subfield><subfield code="d">OCLCQ</subfield><subfield code="d">OCLCF</subfield><subfield code="d">OCLCO</subfield></datafield><datafield ind1=" " ind2=" " tag="012"><subfield code="i">9511</subfield></datafield><datafield ind1="1" ind2=" " tag="029"><subfield code="a">AU@</subfield><subfield code="b">000025888497</subfield></datafield><datafield ind1=" " ind2=" " tag="042"><subfield code="a">pcc</subfield></datafield><datafield ind1=" " ind2=" " tag="043"><subfield code="a">n-us-fl</subfield></datafield><datafield ind1="0" ind2="4" tag="245"><subfield code="a">The Advocate and advertiser.</subfield></datafield><datafield ind1=" " ind2=" " tag="260"><subfield code="a">Westville, Fla. :</subfield><subfield code="b">W.D. Williams</subfield></datafield><datafield ind1=" " ind2=" " tag="300"><subfield code="a">v.</subfield></datafield><datafield ind1=" " ind2=" " tag="310"><subfield code="a">Weekly</subfield></datafield><datafield ind1="1" ind2=" " tag="362"><subfield code="a">Began July 2, 1904.</subfield></datafield><datafield ind1=" " ind2=" " tag="500"><subfield code="a">"Labor is honest, and pluck wins."</subfield></datafield><datafield ind1=" " ind2=" " tag="588"><subfield code="a">Description based on: Vol. 15, no. 16 (Sept. 10, 1904).</subfield></datafield><datafield ind1=" " ind2=" " tag="588"><subfield code="a">Latest issue consulted: Vol. 15, no. 44 (Mar. 25, 1905).</subfield></datafield><datafield ind1=" " ind2="0" tag="651"><subfield code="a">Westville (Fla.)</subfield><subfield code="v">Newspapers.</subfield></datafield><datafield ind1=" " ind2="0" tag="651"><subfield code="a">Holmes County (Fla.)</subfield><subfield code="v">Newspapers.</subfield></datafield><datafield ind1=" " ind2="7" tag="655"><subfield code="a">Newspapers.</subfield><subfield code="2">fast</subfield><subfield code="0">(OCoLC)fst01423814</subfield></datafield><datafield ind1=" " ind2="7" tag="651"><subfield code="a">Florida</subfield><subfield code="z">Holmes County.</subfield><subfield code="2">fast</subfield><subfield code="0">(OCoLC)fst01212299</subfield></datafield><datafield ind1=" " ind2="7" tag="651"><subfield code="a">Florida</subfield><subfield code="z">Westville.</subfield><subfield code="2">fast</subfield><subfield code="0">(OCoLC)fst01205138</subfield></datafield><datafield ind1=" " ind2=" " tag="752"><subfield code="a">United States</subfield><subfield code="b">Florida</subfield><subfield code="c">Holmes</subfield><subfield code="d">Westville.</subfield></datafield><datafield ind1="0" ind2="0" tag="780"><subfield code="t">Holmes County advertiser (Westville, Fla. : 1894)</subfield><subfield code="w">(DLC)sn 95047238</subfield><subfield code="w">(OCoLC)33424846</subfield></datafield><datafield ind1="0" ind2="0" tag="785"><subfield code="t">Holmes County advertiser (Westville, Fla. : 1906)</subfield><subfield code="w">(DLC)sn 95047240</subfield><subfield code="w">(OCoLC)33424848</subfield></datafield><datafield ind1=" " ind2=" " tag="850"><subfield code="a">FU</subfield></datafield></record>